<record><leader>00000cas a2200000 a 4500</leader><controlfield tag="001">12593575</controlfield><controlfield tag="008">850924d19631979ksudr ne      0    0eng d</controlfield><datafield ind1=" " ind2=" " tag="010"><subfield code="a">sn 85032437 </subfield></datafield><datafield ind1=" " ind2=" " tag="040"><subfield code="a">KSH</subfield><subfield code="b">eng</subfield><subfield code="c">KSH</subfield><subfield code="d">NPT</subfield><subfield code="d">OCL</subfield><subfield code="d">OCLCQ</subfield></datafield><datafield ind1=" " ind2=" " tag="042"><subfield code="a">msc</subfield></datafield><datafield ind1="0" ind2="0" tag="245"><subfield code="a">Haysville daily reporter.</subfield></datafield><datafield ind1="1" ind2="3" tag="246"><subfield code="a">Daily reporter</subfield><subfield code="f">Mar. 14-15, 1979</subfield></datafield><datafield ind1=" " ind2=" " tag="260"><subfield code="a">Haysville, Kan. :</subfield><subfield code="b">Larry Ricketts,</subfield><subfield code="c">1963-1979.</subfield></datafield><datafield ind1=" " ind2=" " tag="300"><subfield code="a">18 v. :</subfield><subfield code="b">ill. ;</subfield><subfield code="c">56 cm.</subfield></datafield><datafield ind1=" " ind2=" " tag="310"><subfield code="a">Daily (except Saturday and Sunday)</subfield></datafield><datafield ind1="0" ind2=" " tag="362"><subfield code="a">Vol. 3, no. 50 (Oct. 28, 1963)-v. 20, no. 89 (May 4, 1979).</subfield></datafield><datafield ind1=" " ind2=" " tag="525"><subfield code="a">Supplements included.</subfield></datafield><datafield ind1=" " ind2=" " tag="752"><subfield code="a">United States</subfield><subfield code="b">Kansas</subfield><subfield code="c">Sedgwick</subfield><subfield code="d">Haysville.</subfield></datafield><datafield ind1="0" ind2="0" tag="780"><subfield code="t">Haysville news</subfield><subfield code="w">(DLC)sn 85032438</subfield></datafield><datafield ind1="0" ind2="0" tag="785"><subfield code="t">Daily reporter (Derby, Kan. : 1979)</subfield><subfield code="w">(DLC)sn 85032440</subfield></datafield><datafield ind1="1" ind2=" " tag="029"><subfield code="a">AU@</subfield><subfield code="b">000022165678</subfield></datafield></record>